
@misc{rasberrypi,
	author = {Rasberry PI Foundation},
	title = {Rasberry PI},
	year = {2013},
	url = {http://www.rasberrypi.org},
	note = "[Online; accessed 18-August-2013]"
}

@misc{wiki:iot,
	author = "Wikipedia",
	title = "Internet of Things --- {W}ikipedia{,} The Free Encyclopedia",
	year = "2012",
	url = "http://en.wikipedia.org/wiki/Internet_of_Things",
	note = "[Online; accessed 26-January-2014]"
}

