
@misc{rpi,
	author = {{The Rasberry Pi Foundation}},
	title = {{Rasberry Pi}},
	url = {http://www.raspberrypi.org},
	note = "[Online; accessed 15-September-2013]",
	year = {2012}
}

