
@misc{sprinklerpi,
	title = {SprinklerPI -- Web based sprinkler controller running Linux.},
	author = {Jeremiah Mahler},
	year = {2014},
	url = {http://www.github.com/jmahler/sprinklerpi}
}


