
@misc{rasberrypi,
	author = {Rasberry PI Foundation},
	title = {Rasberry PI},
	year = {2013},
	url = {http://www.rasberrypi.org},
	note = "[Online; accessed 18-August-2013]"
}
